<record><leader>01984cam a2200481 i 45 0</leader><controlfield tag="001">6855900</controlfield><controlfield tag="003">OCoLC</controlfield><controlfield tag="005">20150310120503.0</controlfield><controlfield tag="006">m     o  d        </controlfield><controlfield tag="007">cr cnu---unuuu</controlfield><controlfield tag="008">150216s2015    nbu     ob    001 0 eng d</controlfield><datafield ind1=" " ind2=" " tag="020"><subfield code="a">9780803274723</subfield><subfield code="q">electronic bk.</subfield></datafield><datafield ind1=" " ind2=" " tag="020"><subfield code="a">0803274726</subfield><subfield code="q">electronic bk.</subfield></datafield><datafield ind1=" " ind2=" " tag="020"><subfield code="z">9780803225817</subfield></datafield><datafield ind1=" " ind2=" " tag="020"><subfield code="z">0803225814</subfield></datafield><datafield ind1=" " ind2=" " tag="020"><subfield code="z">9780803274709 (epub)</subfield></datafield><datafield ind1=" " ind2=" " tag="020"><subfield code="z">9780803274716 (mobi)</subfield></datafield><datafield ind1=" " ind2=" " tag="035"><subfield code="a">ocn903489524</subfield></datafield><datafield ind1=" " ind2=" " tag="039"><subfield code="a">exclude</subfield></datafield><datafield ind1=" " ind2=" " tag="040"><subfield code="a">N$T</subfield><subfield code="b">eng</subfield><subfield code="e">rda</subfield><subfield code="e">pn</subfield><subfield code="c">N$T</subfield><subfield code="d">P@U</subfield><subfield code="d">YDXCP</subfield><subfield code="d">AEU</subfield></datafield><datafield ind1=" " ind2=" " tag="043"><subfield code="a">n-us---</subfield></datafield><datafield ind1=" " ind2="4" tag="050"><subfield code="a">E470</subfield><subfield code="b">.J36 2015eb</subfield></datafield><datafield ind1=" " ind2="7" tag="072"><subfield code="a">HIS</subfield><subfield code="x">036010</subfield><subfield code="2">bisacsh</subfield></datafield><datafield ind1="0" ind2="4" tag="082"><subfield code="a">973.7/31</subfield><subfield code="2">23</subfield></datafield><datafield ind1=" " ind2=" " tag="090"><subfield code="a">Internet Access</subfield><subfield code="b">AEU</subfield></datafield><datafield ind1="1" ind2=" " tag="100"><subfield code="a">Jamieson, Perry D.</subfield></datafield><datafield ind1="1" ind2="0" tag="245"><subfield code="a">Spring 1865</subfield><subfield code="h">[electronic resource] :</subfield><subfield code="b">the closing campaigns of the Civil War /</subfield><subfield code="c">Perry D. Jamieson.</subfield></datafield><datafield ind1=" " ind2="1" tag="264"><subfield code="a">Lincoln :</subfield><subfield code="b">University of Nebraska Press,</subfield><subfield code="c">2015.</subfield></datafield><datafield ind1=" " ind2=" " tag="300"><subfield code="a">1 online resource.</subfield></datafield><datafield ind1=" " ind2=" " tag="336"><subfield code="a">text</subfield><subfield code="b">txt</subfield><subfield code="2">rdacontent</subfield></datafield><datafield ind1=" " ind2=" " tag="337"><subfield code="a">computer</subfield><subfield code="b">c</subfield><subfield code="2">rdamedia</subfield></datafield><datafield ind1=" " ind2=" " tag="338"><subfield code="a">online resource</subfield><subfield code="b">cr</subfield><subfield code="2">rdacarrier</subfield></datafield><datafield ind1="1" ind2=" " tag="490"><subfield code="a">Great campaigns of the Civil War</subfield></datafield><datafield ind1=" " ind2=" " tag="504"><subfield code="a">Includes bibliographical references and index.</subfield></datafield><datafield ind1="0" ind2=" " tag="505"><subfield code="a">Terrible times of shipwreck -- Fort Fisher and Wilmington -- In the Carolinas -- Bentonville -- Late winter at Petersburg -- The fall of Petersburg -- To Sailor's Creek -- Spring morning -- A scrap of paper -- Scattered embers.</subfield></datafield><datafield ind1=" " ind2=" " tag="506"><subfield code="a">Access restricted to authorized users and institutions.</subfield></datafield><datafield ind1="0" ind2=" " tag="588"><subfield code="a">Print version record.</subfield></datafield><datafield ind1=" " ind2=" " tag="596"><subfield code="a">44</subfield></datafield><datafield ind1=" " ind2="0" tag="651"><subfield code="a">United States</subfield><subfield code="x">History</subfield><subfield code="y">Civil War, 1861-1865</subfield><subfield code="x">Campaigns.</subfield></datafield><datafield ind1=" " ind2="0" tag="651"><subfield code="a">United States</subfield><subfield code="x">History</subfield><subfield code="y">Civil War, 1861-1865</subfield><subfield code="x">Peace.</subfield></datafield><datafield ind1=" " ind2="0" tag="830"><subfield code="a">Great campaigns of the Civil War.</subfield></datafield><datafield ind1="4" ind2="0" tag="856"><subfield code="3">University of Alberta Access</subfield><subfield code="u">http://site.ebrary.com/lib/ualberta/Doc?id=11020374</subfield><subfield code="z">(Single User Access)</subfield></datafield><datafield ind1=" " ind2=" " tag="926"><subfield code="a">Internet Access</subfield><subfield code="w">LC</subfield><subfield code="c">1</subfield><subfield code="i">6855900-1001</subfield><subfield code="l">INTERNET</subfield><subfield code="m">UAINTERNET</subfield><subfield code="r">Y</subfield><subfield code="s">Y</subfield><subfield code="t">E-RESOURCE</subfield><subfield code="u">3/10/2015</subfield><subfield code="x">E-BOOK</subfield><subfield code="z">EBRARY</subfield></datafield></record>